@InProceedings{WinogradCort2012HS,
  author = {Winograd-Cort, Daniel and Hudak, Paul},
  title = {Wormholes: {I}ntroducing {E}ffects to {FRP}},
  booktitle = {Haskell Symposium},
  numpages = {13},
  publisher = {{ACM}},
  year = {2012},
  location = {Copenhagen, Denmark},
  month = {September}
} 

@InProceedings{ElliottHudak97:Fran,
  title        = {Functional Reactive Animation},
  url          = {http://conal.net/papers/icfp97/},
  author       = "Conal Elliott and Paul Hudak",
  booktitle    = "International Conference on Functional Programming",
  year         = 1997
}

@InProceedings{streams,
  title = {Effcient and Compositional Higher-Order Streams},
  url = {http://sgate.emt.bme.hu/documents/patai/publications/PataiWFLP2010.pdf},
  author = {Gergely Patai},
  location = {Budapest, Hungary},
  booktitle = {Functional and Constraint Logic Programming},
  year = {2010}
}